<record><leader>00000cas a2200000 a 4500</leader><controlfield tag="001">9161508</controlfield><controlfield tag="008">830125d17851787ctuwr ne      0    0eng  </controlfield><datafield ind1=" " ind2=" " tag="010"><subfield code="a">sn 82016106 </subfield></datafield><datafield ind1=" " ind2=" " tag="040"><subfield code="a">DLC</subfield><subfield code="b">eng</subfield><subfield code="c">DLC</subfield><subfield code="d">NPV</subfield><subfield code="d">DLC</subfield><subfield code="d">NPX</subfield><subfield code="d">DLC</subfield><subfield code="d">NPX</subfield><subfield code="d">NPU</subfield><subfield code="d">NJW</subfield><subfield code="d">KNP</subfield><subfield code="d">CNW</subfield><subfield code="d">MGN</subfield><subfield code="d">CNW</subfield><subfield code="d">FUG</subfield><subfield code="d">OCL</subfield><subfield code="d">CVF</subfield><subfield code="d">DLC</subfield><subfield code="d">NYS</subfield><subfield code="d">BUF</subfield><subfield code="d">KRTAS</subfield><subfield code="d">DLC</subfield><subfield code="d">OCLCQ</subfield><subfield code="d">OCLCA</subfield><subfield code="d">OCLCF</subfield></datafield><datafield ind1="1" ind2=" " tag="029"><subfield code="a">AU@</subfield><subfield code="b">000020394072</subfield></datafield><datafield ind1=" " ind2=" " tag="042"><subfield code="a">pcc</subfield></datafield><datafield ind1=" " ind2=" " tag="043"><subfield code="a">n-us-ct</subfield></datafield><datafield ind1=" " ind2=" " tag="045"><subfield code="a">v8v8</subfield></datafield><datafield ind1="0" ind2="0" tag="050"><subfield code="a">Newspaper</subfield></datafield><datafield ind1="1" ind2="4" tag="050"><subfield code="a">AP2.A2</subfield><subfield code="b">A63 Box 98</subfield></datafield><datafield ind1=" " ind2=" " tag="052"><subfield code="a">3783</subfield><subfield code="b">M5</subfield></datafield><datafield ind1="0" ind2=" " tag="130"><subfield code="a">Middlesex gazette (Middletown, Conn. : 1785)</subfield></datafield><datafield ind1="1" ind2="4" tag="245"><subfield code="a">The Middlesex gazette.</subfield></datafield><datafield ind1="3" ind2="0" tag="246"><subfield code="a">Gazette</subfield></datafield><datafield ind1=" " ind2=" " tag="260"><subfield code="a">Middletown [Conn.] :</subfield><subfield code="b">Printed by Woodward and Green,</subfield><subfield code="c">1785-1787.</subfield></datafield><datafield ind1=" " ind2=" " tag="300"><subfield code="a">2 v.</subfield></datafield><datafield ind1=" " ind2=" " tag="310"><subfield code="a">Weekly</subfield></datafield><datafield ind1="0" ind2=" " tag="362"><subfield code="a">Vol. 1, no. 1 (Nov. 8, 1785)-v. 2, no. 104 (Oct. 29, 1787).</subfield></datafield><datafield ind1="4" ind2=" " tag="510"><subfield code="a">Brigham, C.S. Early American newspapers</subfield><subfield code="c">p. 35</subfield></datafield><datafield ind1=" " ind2=" " tag="530"><subfield code="a">Available on microopaque and microfilm from the Readex Microprint Corp.</subfield></datafield><datafield ind1=" " ind2="0" tag="651"><subfield code="a">Middletown (Conn.)</subfield><subfield code="v">Newspapers.</subfield></datafield><datafield ind1=" " ind2="0" tag="651"><subfield code="a">Middlesex County (Conn.)</subfield><subfield code="v">Newspapers.</subfield></datafield><datafield ind1=" " ind2="7" tag="655"><subfield code="a">Newspapers.</subfield><subfield code="2">fast</subfield><subfield code="0">(OCoLC)fst01423814</subfield></datafield><datafield ind1=" " ind2="7" tag="651"><subfield code="a">Connecticut</subfield><subfield code="z">Middlesex County.</subfield><subfield code="2">fast</subfield><subfield code="0">(OCoLC)fst01209862</subfield></datafield><datafield ind1=" " ind2="7" tag="651"><subfield code="a">Connecticut</subfield><subfield code="z">Middletown.</subfield><subfield code="2">fast</subfield><subfield code="0">(OCoLC)fst01208112</subfield></datafield><datafield ind1=" " ind2=" " tag="752"><subfield code="a">United States</subfield><subfield code="b">Connecticut</subfield><subfield code="c">Middlesex</subfield><subfield code="d">Middletown.</subfield></datafield><datafield ind1="0" ind2="0" tag="785"><subfield code="t">Middlesex gazette, or, F&#339;deral adviser</subfield><subfield code="w">(DLC)sn 83026164</subfield><subfield code="w">(OCoLC)4706690</subfield></datafield><datafield ind1=" " ind2=" " tag="938"><subfield code="a">Kirtas Technologies, Inc.</subfield><subfield code="b">KRTS</subfield><subfield code="n">736146</subfield></datafield></record>